@article{03-na-va-toroid,
   author = {Armani, D. K. and Kippenberg, T. J. and Spillane, S. M. and Vahala, K. J.},
   title = {Ultra-high-Q toroid microcavity on a chip},
   journal = {Nature},
   volume = {421},
   number = {},
   pages = {925-928},
   year = {2003},
   type = {Journal Article}
}

@book{08-Robert-nonliner-opt,
   author = {Boyd, Robert W.},
   title = {Nonlinear Optics},
   publisher = {Academic Press},
   edition = {3rd},
   year = {2008},
   type = {Book}
}

@article{00-prl-va-critical-coup,
   author = {Cai, Ming and Painter, Oskar and Vahala, Kerry J.},
   title = {Observation of Critical Coupling in a Fiber Taper to a Silica-Microsphere Whispering-Gallery Mode System},
   journal = {PHYSICAL REVIEW LETTERS},
   volume = {85},
   pages = {4},
   year = {2000},
   type = {Journal Article}
}

@article{05-oe-va-feedback,
   author = {Carmon, Tal and Kippenberg, Tobias J. and Yang, Lan and Rokhsari, Hosein and Spillane, Sean and Vahala, Kerry J.},
   title = {Feedback control of ultra-high-Q microcavities: application to micro-Raman lasers and microparametric oscillators},
   journal = {OPTICS EXPRESS},
   volume = {13},
   number = {9},
   pages = {9},
   year = {2005},
   type = {Journal Article}
}

@article{04-oe-va-dynamicl-thermal,
   author = {Carmon, Tal and Yang, Lan and Vahala, Kerry},
   title = {Dynamical thermal behavior and thermal self-stability of microcavities},
   journal = {Optics Express},
   volume = {12},
   number = {20},
   pages = {4742-4750},
   year = {2004},
   type = {Journal Article}
}

@article{07-na-pdel-opt-comb,
   author = {Delâ€™Haye, P. and Schliesser, A. and Arcizet, O. and Wilken, T. and Holzwarth, R. and Kippenberg, T. J.},
   title = {Optical frequency comb generation from a monolithic microresonator},
   journal = {NATURE},
   volume = {450},
   pages = {4},
   year = {2007},
   type = {Journal Article}
}

@book{05-Mark-quantum-opt,
   author = {FOX, MARK},
   title = {Quantum Optics An Introduction},
   publisher = {Oxford University Press},
   edition = {1},
   year = {2005},
   type = {Book}
}

@article{11-oe-va-compensation,
   author = {Grudinin, Ivan and Lee, Hansuek and Chen, Tong and Vahala, Kerry},
   title = {Compensation of thermal nonlinearity effect in optical resonators},
   journal = {OPTICS EXPRESS},
   volume = {19},
   number = {8},
   pages = {8},
   year = {2011},
   type = {Journal Article}
}

@article{13-oe-alex-fem-simu,
   author = {Kaplan, Alex and Tomes, Matthew and Carmon, Tal and Kozlov, Maxim and Cohen, Oren and Bartal, Guy and Schwefel, Harald G. L.},
   title = {Finite element simulation of a perturbed axial-symmetric whispering-gallery mode and its use for intensity enhancement with a nanoparticle coupled to a microtoroid},
   journal = {OPTICS EXPRESS},
   volume = {21},
   year = {2013},
   type = {Journal Article}
}

@article{11-sc-kippenberg-opt-comb,
   author = {Kippenberg, T. J. and Holzwarth, R. and Diddams, S. A.},
   title = {Microresonator-Based Optical Frequency Combs},
   journal = {SCIENCE},
   volume = {332},
   pages = {6},
   year = {2011},
   type = {Journal Article}
}

@article{04-ol-va-raman-toroid,
   author = {Kippenberg, T. J. and Spillane, S. M. and Armani, D. K. and Vahala, Kerry J.},
   title = {Ultralow-threshold microcavity Raman laser on a microelectronic chip},
   journal = {OPTICS LETTERS},
   volume = {29},
   number = {11},
   pages = {3},
   year = {2004},
   type = {Journal Article}
}

@article{04-apl-va-demo-toroid,
   author = {Kippenberg, T. J. and Spillane, S. M. and Vahala, K. J.},
   title = {Demonstration of ultra-high-Q small mode volume toroid microcavities on a chip},
   journal = {APPLIED PHYSICS LETTERS},
   volume = {85},
   number = {25},
   pages = {3},
   year = {2004},
   type = {Journal Article}
}

@article{04-prl-va-kerr-opo-raman,
   author = {Kippenberg, T. J. and Spillane, S.M. and Vahala, K. J.},
   title = {Kerr-Nonlinearity Optical Parametric Oscillation in an Ultrahigh-Q Toroid Microcavity},
   journal = {PHYSICAL REVIEW LETTERS},
   volume = {93},
   number = {8},
   pages = {4},
   year = {2004},
   type = {Journal Article}
}

@phdthesis{04-kippenger-thesis,
   author = {Kippenberg, Tobias Jan August},
   title = {Nonlinear Optics in Ultra-high-Q Whispering-Gallery Optical Microcavities},
   university = {California Institute of Technology},
   year = {2004},
   type = {Thesis}
}

@article{13-td-lbb-raman,
   author = {Li, Bei-Bei and Jiang, Xue-Feng and Gong, Qihuang and Xiao, Yun-Feng},
   title = {Raman laser from an on chip, high Q polymer microcavity},
   journal = {Technical Digest},
   year = {2013},
   type = {Journal Article}
}

@article{13-lbb-low-raman,
   author = {Li, Bei-Bei and William and Clements, R. and Yu, Xiao-Chong and Gong, Qihuang and Xiao, Yun-Feng},
   title = {Low threshold Raman lasing from an on-chip, high Q polymer microcavity},
   year = {2013},
   type = {Journal Article}
}

@article{13-ol-lbb-low-raman-coat,
   author = {Li, Bei-Bei and Xiao, Yun-Feng and Yan, Meng-Yuan and Clements, William R. and Gong, Qihuang},
   title = {Low-threshold Raman laser from an on-chip, high-Q, polymer-coated microcavity},
   journal = {OPTICS LETTERS},
   volume = {38},
   pages = {3},
   year = {2013},
   type = {Journal Article}
}

@phdthesis{06-bumki-thesis,
   author = {Min, Bumki},
   title = {Ultrahigh-Q Microtoroid On-Chip Resonators for Low Threshold Microlasers},
   university = {California Institute of Technology},
   year = {2006},
   type = {Thesis}
}

@article{13-oe-dan-label-free,
   author = {Nguyen, Dan T. and Norwood, Robert A.},
   title = {Label-free, single-object sensing with a microring resonator: FDTD simulation},
   journal = {OPTICS EXPRESS},
   volume = {21},
   number = {1},
   pages = {11},
   year = {2013},
   type = {Journal Article}
}

@article{14-pri-marco-ana-simu,
   author = {Ornigotti, Marco and Aiello, Andrea},
   title = {Analytical Approximations of Whispering Gallery Modes in Anisotropic Ellipsoidal Resonators},
   journal = {Physics Research International},
   volume = {2014},
   pages = {10},
   year = {2014},
   type = {Journal Article}
}

@inproceedings{07-ieee-mark-traceable,
   author = {Oxborrow, Mark},
   title = {Traceable 2D finite-element simulation of the whispering-gallery modes of axisymmetric electromagnetic resonators},
   booktitle = {Microwave Theory and Techniques},
   volume = {55},
   pages = {9},
   type = {Conference Proceedings}
}

@article{05-na-rong-raman,
   author = {Rong, Haisheng and Jones, Richard and Liu, Ansheng and Cohen, Oded and Hak, Dani and Fang, Alexander and Paniccia, Mario},
   title = {A continuous-wave Raman silicon laser},
   journal = {NATURE},
   volume = {433},
   number = {17},
   pages = {4},
   year = {2005},
   type = {Journal Article}
}

@article{03-prl-va-ideality-coup,
   author = {Spillane, S.M. and Kippenberg, T. J. and Painter, O. J. and Vahala, K. J.},
   title = {Ideality in a Fiber-Taper-Coupled Microresonator System for Application to Cavity Quantum Electrodynamics},
   journal = {PHYSICAL REVIEW LETTERS},
   volume = {91},
   number = {4},
   pages = {4},
   year = {2003},
   type = {Journal Article}
}

@article{02-na-va-raman-sphere,
   author = {Spillane, S. M. and Kippenberg, T. J. and Vahala, K. J.},
   title = {Ultralow-threshold Raman laser using a spherical dielectric microcavity},
   journal = {NATURE},
   volume = {415},
   number = {7},
   pages = {3},
   year = {2002},
   type = {Journal Article}
}

@article{03-na-va-opt-microcavity,
   author = {Vahala, Kerry J.},
   title = {Optical microcavities},
   journal = {NATURE},
   volume = {424},
   number = {14},
   pages = {8},
   year = {2003},
   type = {Journal Article}
}

@book{07-Wall-quantum-opt,
   author = {Walls, D.F. and Milburn, Gerard J.},
   title = {Quantum Optics},
   publisher = {Springer},
   edition = {2nd},
   year = {2007},
   type = {Book}
}

@article{00-el-yariv-relation-coup,
   author = {Yariv, A.},
   title = {Universal relations for coupling of optical power between microresonators and dielectric waveguides},
   journal = {Electronics Letters},
   volume = {36},
   number = {4},
   pages = {321-322},
   year = {2000},
   type = {Journal Article}
}

@article{08-jo-zoucl-coup-num-calc,
   author = {Zou, Chang-Ling and Yang, Yong and Dong, Chun-Hua and Xiao, Yun-Feng and Wu, Xiao-Wei and Han, Zheng-Fu and Guo, Guang-Can},
   title = {Taper-microsphere coupling with numerical calculation of coupled-mode theory},
   journal = {Journal of Optics},
   volume = {25},
   number = {11},
   pages = {4},
   year = {2008},
   type = {Journal Article}
}

@article{12-china-phy-ustc-review,
   author = {Changling Zou and Chunhua Dong and Jinming Cui and Fangwen Sun and Yong Yang and Xiaowei Wu and Zhengou Huang and Guangcan Guo},
   title = {Whispering gallery modes optical microcavity: basic and application},
   journal = {China Science},
   year = {2012},
   type = {Journal Article},
   language = {Chinese}
}
